<?xml version="1.0" encoding="UTF-8"?><record xmlns="http://www.loc.gov/MARC21/slim" xmlns:cinclude="http://apache.org/cocoon/include/1.0" xmlns:zs="http://www.loc.gov/zing/srw/">
  <leader>00616cz  a2200145n  4500</leader>
  <controlfield tag="001">no2004104817</controlfield>
  <controlfield tag="003">DLC</controlfield>
  <controlfield tag="005">20120816082003.0</controlfield>
  <controlfield tag="008">041028n| acannaabn          |n ana     c</controlfield>
  <datafield tag="010" ind1=" " ind2=" ">
    <subfield code="a">no2004104817</subfield>
  </datafield>
  <datafield tag="035" ind1=" " ind2=" ">
    <subfield code="a">(OCoLC)oca06480034</subfield>
  </datafield>
  <datafield tag="040" ind1=" " ind2=" ">
    <subfield code="a">InU</subfield>
    <subfield code="b">eng</subfield>
    <subfield code="c">InU</subfield>
    <subfield code="d">DLC</subfield>
  </datafield>
  <datafield tag="111" ind1="2" ind2=" ">
    <subfield code="a">Xiang yu yu dui hua : Ming mo Qing chu Zhong xi wen hua jiao liu guo ji xue shu yan tao hui</subfield>
    <subfield code="d">(2001 :</subfield>
    <subfield code="c">Beijing li gong da xue)</subfield>
  </datafield>
  <datafield tag="667" ind1=" " ind2=" ">
    <subfield code="a">THIS 1XX FIELD CANNOT BE USED UNDER RDA UNTIL THIS RECORD HAS BEEN REVIEWED AND/OR UPDATED</subfield>
  </datafield>
  <datafield tag="670" ind1=" " ind2=" ">
    <subfield code="a">Xiang yu yu dui hua, 2003:</subfield>
    <subfield code="b">t.p. (Coference held in Beijing li gong da xue, Beijing, Oct. 14-17, 2001)</subfield>
  </datafield>
</record>